@article{test,
  title={The effect on mice of minute doses of B. anthracis},
  author={Barber, Marshall Albert},
  journal={The Journal of Infectious Diseases},
  pages={634--661},
  year={1909},
  publisher={JSTOR}
}

@misc{book:zcs,
  title={计算机体系结构},
  author={张晨曦 and 王志英 and 张春元 and 戴葵},
  year={2000},
  publisher={北京: 高等教育出版社}
}

@misc{wiki:tomasulo,
    author = "Wikipedia contributors",
    title = "Tomasulo algorithm --- Wikipedia{,} The Free Encyclopedia",
    year = "2018",
    url = "\url{https://en.wikipedia.org/w/index.php?title=Tomasulo_algorithm&oldid=818527174}",
    note = "[Online; accessed 7-January-2018]"
  }